@Book{Uexkuell26,
  author = 	 {von Uexk{\"u}ll, Baron Jakob Johann},
  ALTeditor = 	 {},
  title = 	 {Theoretical biology},
  publisher = 	 {Kegan Paul, Trubner},
  year = 	 {1926},
  OPTkey = 	 {},
  OPTvolume = 	 {},
  OPTnumber = 	 {},
  OPTseries = 	 {},
  address = 	 {London},
  OPTedition = 	 {},
  OPTmonth = 	 {},
  OPTnote = 	 {},
  OPTannote = 	 {}
}

@Article{Graesser86,
  author = 	 {Gr{\"u}sser, O.J.},
  title = 	 {Interaction of efferent and afferent signals in visual
                  perception. A history of ideas and experimental paradigms},
  journal = 	 {Acta Psychol},
  year = 	 {1986},
  OPTkey = 	 {},
  volume = 	 {63},
  OPTnumber = 	 {},
  pages = 	 {3-21},
  OPTmonth = 	 {},
  OPTnote = 	 {},
  OPTannote = 	 {}
}

@Article{Lettvin59,
  author =       {Lettvin, J.Y and Maturana, H. R. and McCulloch, W. S.
                  and Pitts, W. R.},
  title =        {What the Frog's Eye Tells the Frog's Brain},
  journal =      {Proceedings of the Institute of Radio Engineers},
  year =         {1959},
  OPTkey =       {},
  volume =       {47},
  OPTnumber =    {},
  pages =        {1940-1951},
  OPTmonth =     {},
  OPTnote =         {F: Die Rolle der `Kontaktstellen' Umwelt. Luhmann
                  sieht in der Arbeit eine Basisarbeit des Konstruktivismus.
                  (siehe auch die Autoren !!!). R: ++, S:270.
                  K: ist es auch. Die Konstruktion der Umwelt findet
                     schon im optischen Nerv statt und wird dort auch
                     aktiv praktiziert (siehe Durchtrennung des optischen
                     Nerves und das korrekte Zusammenwachsen)
                  T: ++},
  OPTannote =    {
               Bibl. Elektrotechnik (IC 02)
                                                   18.1930 - 50.1962}
}



@InProceedings{Atmanspacher2000,
  author = 	 {Atmanspacher, Harald},
  title = 	 {Ontic and epistemic descriptions of chaotic systems},
  booktitle = 	 {Proceedings of CASYS 99},
  OPTcrossref =  {},
  OPTkey = 	 {},
  pages = 	 {465--478},
  year = 	 {2000},
  editor = 	 {D. Dubois},
  OPTvolume = 	 {},
  OPTnumber = 	 {},
  OPTseries = 	 {},
  address = 	 {Berlin},
  OPTmonth = 	 {},
  OPTorganization = {},
  publisher =    {Springer},
  OPTnote = 	 {endo/exo},
  OPTannote = 	 {}
}

@InCollection{Atmanspacher94,
  author = 	 {Atmanspacher, H. and Dalenoort, G.J.},
  title = 	 {Introduction},
  booktitle = 	 {Inside Versus Outside},
  OPTcrossref =  {},
  OPTkey = 	 {},
  pages = 	 {1--12},
  publisher =    {Springer, Berlin},
  year = 	 {1994},
  editor = 	 {Atmanspacher, H. and Dalenoort, G.J.},
  OPTvolume = 	 {},
  OPTnumber = 	 {},
  OPTseries = 	 {},
  OPTtype = 	 {},
  OPTchapter = 	 {},
  OPTaddress = 	 {},
  OPTedition = 	 {},
  OPTmonth = 	 {},
  OPTnote = 	 {},
  OPTannote = 	 {}
}

@InBook{Chrisley2002,
  author = 	 {Chrisley, Ronald L. and Ziemke, Tom},
  ALTeditor = 	 {},
  title = 	 {Encyclopedia of Cognitive Science},
  chapter = 	 {Embodiment},
  publisher = 	 {Macmillan Publishers},
  year = 	 {2002},
  OPTkey = 	 {},
  OPTvolume = 	 {},
  OPTnumber = 	 {},
  OPTseries = 	 {},
  OPTtype = 	 {},
  OPTaddress = 	 {},
  OPTedition = 	 {},
  OPTmonth = 	 {},
  pages = 	 {1102--1108},
  OPTnote = 	 {Embodiment def},
  OPTannote = 	 {}
}

@Book{Sacks98,
  author = 	 {Sacks, Oliver},
  ALTeditor = 	 {},
  title = 	 {The Man Who Mistook His Wife For a Hat},
  publisher = 	 {Simon \& Schuster},
  year = 	 {1998},
  OPTkey = 	 {},
  OPTvolume = 	 {},
  OPTnumber = 	 {},
  OPTseries = 	 {},
  address = 	 {New York},
  OPTedition = 	 {},
  OPTmonth = 	 {},
  OPTnote = 	 {},
  OPTannote = 	 {}
}

@Book{Braitenberg84,
  author = 	 {Braitenberg, Valentino},
  ALTeditor = 	 {},
  title = 	 {Vehicles: Experiments in Synthetic Psychology},
  publisher = 	 {Bradford},
  year = 	 {1984},
  OPTkey = 	 {},
  OPTvolume = 	 {},
  OPTnumber = 	 {},
  OPTseries = 	 {},
  address = 	 {Colorado},
  OPTedition = 	 {},
  OPTmonth = 	 {},
  OPTnote = 	 {},
  OPTannote = 	 {}
}

@Book{McFarland89,
  author = 	 {McFarland, David John},
  ALTeditor = 	 {},
  title = 	 {Problems of Animal Behaviour},
  publisher = 	 {Longman Scientific \& Technical},
  year = 	 {1989},
  OPTkey = 	 {},
  OPTvolume = 	 {},
  OPTnumber = 	 {},
  OPTseries = 	 {},
  address = 	 {Harlow},
  OPTedition = 	 {},
  OPTmonth = 	 {},
  OPTnote = 	 {},
  OPTannote = 	 {}
}

@Book{McFarland71,
  author = 	 {McFarland, David John},
  ALTeditor = 	 {},
  title = 	 {Feedback Mechanisms in Animal Behaviour},
  publisher = 	 {Academic Press},
  year = 	 {1971},
  OPTkey = 	 {},
  OPTvolume = 	 {},
  OPTnumber = 	 {},
  OPTseries = 	 {},
  address = 	 {London},
  OPTedition = 	 {},
  OPTmonth = 	 {},
  OPTnote = 	 {},
  OPTannote = 	 {}
}

@Book{Rosen91,
  author = 	 {Rosen, Robert},
  ALTeditor = 	 {},
  title = 	 {Life itself : a comprehensive inquiry into the nature,
                  origin, and fabrication of life},
  publisher = 	 {Columbia University Press},
  year = 	 {1991},
  OPTkey = 	 {},
  OPTvolume = 	 {},
  OPTnumber = 	 {},
  OPTseries = 	 {},
  address = 	 {New York, Oxford},
  OPTedition = 	 {},
  OPTmonth = 	 {},
  OPTnote = 	 {},
  OPTannote = 	 {}
}

@article{Harnad90,
   author = {Harnad,S},
   year = {1990},
   title = {The symbol grounding problem},
   journal = {Physica D},
   volume = {42},
   pages = {335--346}
}

@Book{McFarland93,
  author = 	 {McFarland, David John},
  ALTeditor = 	 {},
  title = 	 {Intelligent behavior in animals and robots},
  publisher = 	 {MIT Press},
  year = 	 {1993},
  OPTkey = 	 {},
  OPTvolume = 	 {},
  OPTnumber = 	 {},
  OPTseries = 	 {},
  address = 	 {Cambridge, MA},
  OPTedition = 	 {},
  OPTmonth = 	 {},
  OPTnote = 	 {},
  OPTannote = 	 {}
}

@Book{McFarland74,
  ALTauthor = 	 {},
  editor = 	 {Mc Farland, David John},
  title = 	 {Motivational Control Systems Analysis},
  publisher = 	 {Academic Press},
  year = 	 {1974},
  OPTkey = 	 {},
  OPTvolume = 	 {},
  OPTnumber = 	 {},
  OPTseries = 	 {},
  address = 	 {London},
  OPTedition = 	 {},
  OPTmonth = 	 {},
  OPTnote = 	 {Feedback systems in animals},
  OPTannote = 	 {}
}

@Article{Ziemke02,
  author =       {Ziemke, T.},
  title =        {Introduction to the special issue on situated and embodied cognition},
  journal =      {Cogn. Syst. Res.},
  year =         {2002},
  OPTkey =       {},
  volume =       {3},
  OPTnumber =    {},
  pages =        {271-274},
  OPTmonth =     {},
  OPTnote =      {},
  OPTannote =    {}
}
@Article{Keijzer02,
  author =       {Keijzer, F.},
  title =        {Representation in dynamical and embodied cognition},
  journal =      {Cogn. Syst. Res.},
  year =         {2002},
  OPTkey =       {},
  volume =       {3},
  OPTnumber =    {},
  pages =        {275-288},
  OPTmonth =     {},
  OPTnote =      {},
  OPTannote =    {}
}
@Article{Hirose02,
  author =       {Hirose, N.},
  title =        {An ecological approach to embodiment and cognition},
  journal =      {Cogn. Syst. Res.},
  year =         {2002},
  OPTkey =       {},
  volume =       {3},
  OPTnumber =    {},
  pages =        {289-299},
  OPTmonth =     {},
  OPTnote =      {},
  OPTannote =    {}
}
@Article{Robbins02,
  author =       {Robbins, S. E.},
  title =        {Semantics, experience and time},
  journal =      {Cogn. Syst. Res.},
  year =         {2002},
  OPTkey =       {},
  volume =       {3},
  OPTnumber =    {},
  pages =        {301-337},
  OPTmonth =     {},
  OPTnote =      {},
  OPTannote =    {}
}
@Article{Riegler02,
  author =       {Riegler, A.},
  title =        {When is a cognitive system embodied?},
  journal =      {Cogn. Syst. Res.},
  year =         {2002},
  OPTkey =       {},
  volume =       {3},
  OPTnumber =    {},
  pages =        {339-348},
  OPTmonth =     {},
  OPTnote =      {},
  OPTannote =    {}
}
@Article{Leon02,
  author =       {de Leon, D.},
  title =        {Cognitive task transformations},
  journal =      {Cogn. Syst. Res.},
  year =         {2002},
  OPTkey =       {},
  volume =       {3},
  OPTnumber =    {},
  pages =        {349-359},
  OPTmonth =     {},
  OPTnote =      {},
  OPTannote =    {}
}
@Article{Kemp02,
  author =       {Kemp, S. M.},
  title =        {Operationalizing situated cognition and learning},
  journal =      {Cogn. Syst. Res.},
  year =         {2002},
  OPTkey =       {},
  volume =       {3},
  OPTnumber =    {},
  pages =        {361-383},
  OPTmonth =     {},
  OPTnote =      {},
  OPTannote =    {}
}
@Article{Semin02,
  author =       {Semin, G. R. and Smith, E. R.},
  title =        {Interfaces of social psychology with situated and embodied cognition},
  journal =      {Cogn. Syst. Res.},
  year =         {2002},
  OPTkey =       {},
  volume =       {3},
  OPTnumber =    {},
  pages =        {385-396},
  OPTmonth =     {},
  OPTnote =      {},
  OPTannote =    {}
}
@Article{Dautenhahn02,
  author =       {Dautenhahn, K. and Ogden, B. and Quick, T.},
  title =        {From embodied to socially embedded agents - Implications for interaction-aware robots},
  journal =      {Cogn. Syst. Res.},
  year =         {2002},
  OPTkey =       {},
  volume =       {3},
  OPTnumber =    {},
  pages =        {397-428},
  OPTmonth =     {},
  OPTnote =      {},
  OPTannote =    {}
}
@Article{Vogt02,
  author =       {Vogt, P.},
  title =        {The physical symbol grounding problem},
  journal =      {Cogn. Syst. Res.},
  year =         {2002},
  OPTkey =       {},
  volume =       {3},
  OPTnumber =    {},
  pages =        {429-457},
  OPTmonth =     {},
  OPTnote =      {},
  OPTannote =    {}
}
@Article{Tani02,
  author =       {Tani, J. and Yamamoto, J.},
  title =        {On the dynamics of robot exploration learning},
  journal =      {Cogn. Syst. Res.},
  year =         {2002},
  OPTkey =       {},
  volume =       {3},
  OPTnumber =    {},
  pages =        {459-470},
  OPTmonth =     {},
  OPTnote =      {},
  OPTannote =    {}
}
@Article{Clancey02,
  author =       {Clancey, W. J.},
  title =        {Simulating activities: Relating motives, deliberation, and attentive coordination},
  journal =      {Cogn. Syst. Res.},
  year =         {2002},
  OPTkey =       {},
  volume =       {3},
  OPTnumber =    {},
  pages =        {471-499},
  OPTmonth =     {},
  OPTnote =      {},
  OPTannote =    {}
}
@Article{Seve02,
  author =       {Seve, C. and Saury, J. and Theureau, J. and Durand, M.},
  title =        {Activity organization and knowledge construction during competitive interaction in table tennis},
  journal =      {Cogn. Syst. Res.},
  year =         {2002},
  OPTkey =       {},
  volume =       {3},
  OPTnumber =    {},
  pages =        {501-522},
  OPTmonth =     {},
  OPTnote =      {},
  OPTannote =    {}
}
@Article{Risku02,
  author =       {Risku, H.},
  title =        {Situatedness in translation studies},
  journal =      {Cogn. Syst. Res.},
  year =         {2002},
  OPTkey =       {},
  volume =       {3},
  OPTnumber =    {},
  pages =        {523-533},
  OPTmonth =     {},
  OPTnote =      {},
  OPTannote =    {}
}
@Article{Roth02,
  author =       {Roth, W.-M.},
  title =        {From action to discourse: The bridging function of gestures},
  journal =      {Cogn. Syst. Res.},
  year =         {2002},
  OPTkey =       {},
  volume =       {3},
  OPTnumber =    {},
  pages =        {535-554},
  OPTmonth =     {},
  OPTnote =      {},
  OPTannote =    {}
}
@Article{Ziemke01,
  author =       {Ziemke, T. and Sharkey, N. E.},
  title =        {A stroll through the worlds of robots and animals: Applying Jakob von Uexk{\"u}ll's theory of meaning to adaptive robots and artificial life},
  journal =      {Semiotica},
  year =         {2001},
  OPTkey =       {},
  volume =       {134},
  number =       {1-4},
  pages =        {701-746},
  OPTmonth =     {},
  OPTnote =      {},
  OPTannote =    {}
}
  @InProceedings{Bongard01,
  author =       {Bongard, J. C. and Pfeifer, R.},
  title =        {Evolving Complete Agents using Artificial Ontogeny},
  booktitle =    {Proceedings of the first International 
                  Workshop on Morpho-Functional Machines},
  OPTcrossref =  {},
  OPTkey =       {},
  OPTpages =     {},
  year =         {2001},
  OPTeditor =    {},
  OPTvolume =    {},
  OPTnumber =    {},
  OPTseries =    {},
  OPTaddress =   {},
  OPTmonth =     {},
  OPTorganization = {},
  publisher =    {Springer-Verlag},
  OPTnote =      {},
  OPTannote =    {}
}
@InProceedings{Pfeifer00,
  author =       {Pfeifer, R.},
  title =        {On the role of embodiment in the emergence of 
                  cognition and emotion},
  booktitle =    {Affective minds},
  OPTcrossref =  {},
  OPTkey =       {},
  pages =        {43-57},
  year =         {2000},
  editor =       {Hatano, G. and Okada, N. and Tanabe, H.},
  OPTvolume =    {},
  OPTnumber =    {},
  OPTseries =    {},
  OPTaddress =   {},
  OPTmonth =     {},
  organization = {Proc. of the 13th Toyota Conference, Amsterdam},
  publisher =    {Elsevier},
  OPTnote =      {},
  OPTannote =    {}
}
